@article{Overstall2017,
author = {Antony M. Overstall and David C. Woods},
title = {Bayesian Design of Experiments Using Approximate Coordinate Exchange},
journal = {Technometrics},
volume = {59},
number = {4},
pages = {458-470},
year = {2017},
publisher = {Taylor & Francis},
doi = {10.1080/00401706.2016.1251495},
URL = {https://doi.org/10.1080/00401706.2016.1251495},
eprint = {https://doi.org/10.1080/00401706.2016.1251495}
}

@article{Weaver2016,
author = {Brian P. Weaver and Brian J. Williams and Christine M. Anderson-Cook and David M. Higdon},
title = {{Computational Enhancements to Bayesian Design of Experiments Using Gaussian Processes}},
volume = {11},
journal = {Bayesian Analysis},
number = {1},
publisher = {International Society for Bayesian Analysis},
pages = {191 -- 213},
keywords = {accelerated life tests, Bayesian design of experiments, expected quantile improvement, Gaussian processes, preposterior expectation},
year = {2016},
doi = {10.1214/15-BA945},
URL = {https://doi.org/10.1214/15-BA945}
}

